<?xml version="1.0" encoding="UTF-8"?><record xmlns="http://www.loc.gov/MARC21/slim" xmlns:cinclude="http://apache.org/cocoon/include/1.0" xmlns:zs="http://www.loc.gov/zing/srw/">
  <leader>00352nz  a2200121n  4500</leader>
  <controlfield tag="001">no 89000651 </controlfield>
  <controlfield tag="003">DLC</controlfield>
  <controlfield tag="005">19890127054907.5</controlfield>
  <controlfield tag="008">890119n| acannaab|          |n aaa     c</controlfield>
  <datafield tag="010" ind1=" " ind2=" ">
    <subfield code="a">no 89000651 </subfield>
  </datafield>
  <datafield tag="040" ind1=" " ind2=" ">
    <subfield code="a">MnHi</subfield>
    <subfield code="c">MnHi</subfield>
  </datafield>
  <datafield tag="100" ind1="1" ind2="0">
    <subfield code="a">Proctor, Gordon P.</subfield>
  </datafield>
  <datafield tag="670" ind1=" " ind2=" ">
    <subfield code="a">Nottinghamshire parish registers.  Marriages, 1898-1938:</subfield>
    <subfield code="b">v. 20, t.p. (Gordon P. Proctor, M.A.)</subfield>
  </datafield>
</record>